@article{harvey_1985,
    author = "A. C. Harvey",
    title = "Trends and Cycles in Macroeconomic Time Series",
    journal = "Journal of Business and Economic Statistics",
    volume = "3",
    pages = "216--227",
    year = "1985"
}

@article{shumway_2000,
    author = "R. H. Shumway",
    title = "Dynamic mixed models for irregularly observed time series",
    journal = "Resenhas- Reviews of the Institute of Mathematics and Statistics",
    volume = "4",
    pages = "433--456",
    year = "2000"
}

@article{shumway_stoffer_1982,
    author = "R. H. Shumway and D. S. Stoffer",
    title = "An Approach to Time Series Smoothing and Forecasting Using the EM Algorithm",
    journal = "Journal of Time Series Analysis",
    volume = "3",
    number = "4",
    pages = "253--264",
    year = "1982"
}

@article{koopman_1993,
    author = "Siem Jan Koopman",
    title = "Disturbance Smoother for State Space Models",
    journal = "Biometrika",
    volume = "80",
    number = "1",
    pages = "117--126",
    year = "1993"
}

@article{koopman_1997,
    author = "Siem Jan Koopman",
    title = "Exact Initial Kalman Filtering and Smoothing for Nonstationary Time Series Models",
    journal = "Journal of the American Statistical Association",
    volume = "92",
    pages = "1630--1638",
    year = "1997"
}

@article{brodersen_etal_2015,
    author = "K. H. Brodersen and F. Gallusser et al.",
    title = "Inferring Causal Impact Using Bayesian Structural Time-series Models",
    journal = "The Annals of Applied Statistics",
    volume = "9",
    number = "1",
    pages = "247--274",
    year = "2015"
}

@article{dejong_1989,
    author = "De Jong, Piet",
    title = "Smoothing and interpolation with the state-space model",
    journal = "Journal of the American Statistical Association",
    volume = "84",
    number = "408",
    pages = "1085--1088",
    year = "1989"
}

@article{higham_1988,
    author = "Nicholas J. Higham",
    title = "Computing a Nearest Symmetric Positive Semidefinite Matrix",
    journal = "Linear Algebra and Its Applications",
    volume = "103",
    pages = "103--118",
    year = "1988"
}

@article{durbin_koopman_2000,
    author = "J. Durbin and S.J. Koopman",
    title = "Fast Filtering and Smoothing for Multivariate State Space Models",
    journal = "Journal of Time Series Analysis",
    volume = "21",
    number = "3",
    pages = "281--296",
    year = "2000"
}

@book{hamilton_1994,
    author = "James D. Hamilton",
    title = "Time Series analysis",
    publisher = "Princeton University Press",
    year = "1994"
}

@book{joseph_1968,
    author = "R.S. Bucy and P.D. Joseph",
    title = "Filtering for Stochastic Processes with Application to Guidance",
    publisher = "Interscience",
    year = "1968"
}

@book{durbin_koopman_2001,
    author = "J. Durbin and S.J. Koopman",
    title = "Time Series Analysis by State Space Methods",
    publisher = "Oxford University Press",
    year = "2001"
}


